@Manual{pereira2019geobr,
  title = {geobr: Download Official Spatial Data Sets of Brazil},
  author = {Pereira, R. H. M. and Goncalves, C. N.},
  year = {2019},
  note = {R package version 1.9.1},
  url = {https://CRAN.R-project.org/package=geobr},
  howpublished = {CRAN},
  doi = {10.32614/CRAN.package.geobr}
}

@book{ibge2013metodologia,
  title = {Metodologia do censo demografico 2010},
  author = {IBGE},
  year = {2013},
  place = {Rio de Janeiro},
  isbn = {01012843},
  publisher = {IBGE},
  url = {https://ftp.ibge.gov.br/Censos/Censo_Demografico_2010/metodologia/metodologia_censo_dem_2010.pdf}
}

@book{ibge1990estatisticas,
  title = {Estatisticas historicas do Brasil : series economicas demograficas e sociais de 1550 a 1988},
  author = {IBGE},
  year = {1990},
  place = {Rio de Janeiro},
  isbn = {8524003332},
  publisher = {IBGE},
  url = {https://biblioteca.ibge.gov.br/index.php/biblioteca-catalogo?view=detalhes&id=221431}
}

@article{brueckner2019slums,
  title={Slums in Brazil: Where are they located, who lives in them, and do they ‘squeeze’the formal housing market?},
  author={Brueckner, Jan K and Mation, Lucas and Nadalin, Vanessa G},
  journal={Journal of Housing Economics},
  volume={44},
  pages={48--60},
  year={2019},
  publisher={Elsevier}
}

@article{goto2022spatial,
  title={Spatial analysis of social vulnerability in S{\~a}o Paulo city, Brazil},
  author={Goto, Erica Akemi and Suarez, A Marcela and Ye, Haiyun},
  journal={Applied Geography},
  volume={140},
  pages={102653},
  year={2022},
  publisher={Elsevier}
}

@dataset{ruggles2024ipums,
  author    = {Steven Ruggles and Lara L. Cleveland and Rodrigo Lovatón Dávila and Sula Sarkar and Matthew Sobek and Derek Burk and Dan E. Ehrlich and Quinn Heimann and Jane Lee},
  title     = {{IPUMS International: Version 7.5}},
  year      = {2024},
  publisher = {IPUMS},
  address   = {Minneapolis, MN},
  doi       = {10.18128/D020.V7.5},
  url       = {https://doi.org/10.18128/D020.V7.5}
}

@article{dahis2022data,
  title = {Data Basis (Base dos Dados): Universalizing Access to High-Quality Data},
  author = {Dahis, Ricardo and Carabetta, João and Scovino, Fernanda and Israel, Frederico and Oliveira, Diego},
  year = {2022},
  journal = {SSRN Electronic Journal},
  doi = {10.2139/ssrn.4157813},
  url = {https://ssrn.com/abstract=4157813}
}
